%YAML 1.1
%TAG !u! tag:unity3d.com,2011:
--- !u!1 &167230046111674462
GameObject:
  m_ObjectHideFlags: 0
  m_CorrespondingSourceObject: {fileID: 0}
  m_PrefabInstance: {fileID: 0}
  m_PrefabAsset: {fileID: 0}
  serializedVersion: 6
  m_Component:
  - component: {fileID: 796938241233256180}
  - component: {fileID: 4222099986491436637}
  - component: {fileID: 2028352068793085019}
  m_Layer: 5
  m_Name: Residue Info
  m_TagString: Untagged
  m_Icon: {fileID: 0}
  m_NavMeshLayer: 0
  m_StaticEditorFlags: 0
  m_IsActive: 1
--- !u!224 &796938241233256180
RectTransform:
  m_ObjectHideFlags: 0
  m_CorrespondingSourceObject: {fileID: 0}
  m_PrefabInstance: {fileID: 0}
  m_PrefabAsset: {fileID: 0}
  m_GameObject: {fileID: 167230046111674462}
  m_LocalRotation: {x: 0, y: 0, z: 0, w: 1}
  m_LocalPosition: {x: 0, y: 0, z: 0}
  m_LocalScale: {x: 1, y: 1, z: 1}
  m_Children: []
  m_Father: {fileID: 3058554303651603998}
  m_RootOrder: 2
  m_LocalEulerAnglesHint: {x: 0, y: 0, z: 0}
  m_AnchorMin: {x: 0, y: 1}
  m_AnchorMax: {x: 0, y: 1}
  m_AnchoredPosition: {x: 100, y: -24}
  m_SizeDelta: {x: 200, y: 16}
  m_Pivot: {x: 0.5, y: 0.5}
--- !u!114 &4222099986491436637
MonoBehaviour:
  m_ObjectHideFlags: 0
  m_CorrespondingSourceObject: {fileID: 0}
  m_PrefabInstance: {fileID: 0}
  m_PrefabAsset: {fileID: 0}
  m_GameObject: {fileID: 167230046111674462}
  m_Enabled: 1
  m_EditorHideFlags: 0
  m_Script: {fileID: 11500000, guid: 6b781d153fa1ba44e8f3bdd40a618bb9, type: 3}
  m_Name: 
  m_EditorClassIdentifier: 
  useImplementationSize: 0
  implementation: {fileID: 5636114327769308117, guid: 45eccdce7294cec489d732f4299e15e7,
    type: 3}
--- !u!114 &2028352068793085019
MonoBehaviour:
  m_ObjectHideFlags: 0
  m_CorrespondingSourceObject: {fileID: 0}
  m_PrefabInstance: {fileID: 0}
  m_PrefabAsset: {fileID: 0}
  m_GameObject: {fileID: 167230046111674462}
  m_Enabled: 1
  m_EditorHideFlags: 0
  m_Script: {fileID: 11500000, guid: 476780e213e64c28b5623f6af8e238c5, type: 3}
  m_Name: 
  m_EditorClassIdentifier: 
  value: 'Residue:'
  aligment: 1
  fontSize: 14
--- !u!114 &6598152776743852651
MonoBehaviour:
  m_ObjectHideFlags: 0
  m_CorrespondingSourceObject: {fileID: 0}
  m_PrefabInstance: {fileID: 0}
  m_PrefabAsset: {fileID: 0}
  m_GameObject: {fileID: 1900367180530888115}
  m_Enabled: 1
  m_EditorHideFlags: 0
  m_Script: {fileID: 11500000, guid: 59f8146938fff824cb5fd77236b75775, type: 3}
  m_Name: 
  m_EditorClassIdentifier: 
  m_Padding:
    m_Left: 0
    m_Right: 0
    m_Top: 0
    m_Bottom: 0
  m_ChildAlignment: 4
  m_Spacing: 8
  m_ChildForceExpandWidth: 0
  m_ChildForceExpandHeight: 0
  m_ChildControlWidth: 0
  m_ChildControlHeight: 0
  m_ChildScaleWidth: 0
  m_ChildScaleHeight: 0
  m_ReverseArrangement: 0
--- !u!1 &3147420859182806817
GameObject:
  m_ObjectHideFlags: 0
  m_CorrespondingSourceObject: {fileID: 0}
  m_PrefabInstance: {fileID: 0}
  m_PrefabAsset: {fileID: 0}
  serializedVersion: 6
  m_Component:
  - component: {fileID: 3058554303651603998}
  m_Layer: 5
  m_Name: Information
  m_TagString: Untagged
  m_Icon: {fileID: 0}
  m_NavMeshLayer: 0
  m_StaticEditorFlags: 0
  m_IsActive: 1
--- !u!224 &3058554303651603998
RectTransform:
  m_ObjectHideFlags: 0
  m_CorrespondingSourceObject: {fileID: 0}
  m_PrefabInstance: {fileID: 0}
  m_PrefabAsset: {fileID: 0}
  m_GameObject: {fileID: 3147420859182806817}
  m_LocalRotation: {x: 0, y: 0, z: 0, w: 1}
  m_LocalPosition: {x: 0, y: 0, z: 0}
  m_LocalScale: {x: 1, y: 1, z: 1}
  m_Children:
  - {fileID: 4657625136659705599}
  - {fileID: 7279648653959372882}
  - {fileID: 796938241233256180}
  - {fileID: 1195149831779439737}
  - {fileID: 1955487313067069563}
  m_Father: {fileID: 6538638284703229690}
  m_RootOrder: 1
  m_LocalEulerAnglesHint: {x: 0, y: 0, z: 0}
  m_AnchorMin: {x: 0, y: 0}
  m_AnchorMax: {x: 0, y: 0}
  m_AnchoredPosition: {x: 0, y: 0}
  m_SizeDelta: {x: 200, y: 48}
  m_Pivot: {x: 0.5, y: 0.5}
--- !u!1 &3246185006481958098
GameObject:
  m_ObjectHideFlags: 0
  m_CorrespondingSourceObject: {fileID: 0}
  m_PrefabInstance: {fileID: 0}
  m_PrefabAsset: {fileID: 0}
  serializedVersion: 6
  m_Component:
  - component: {fileID: 3809995348083184004}
  - component: {fileID: 4653993993106364485}
  - component: {fileID: 6107205427620233721}
  m_Layer: 5
  m_Name: Current Size Label
  m_TagString: Untagged
  m_Icon: {fileID: 0}
  m_NavMeshLayer: 0
  m_StaticEditorFlags: 0
  m_IsActive: 1
--- !u!224 &3809995348083184004
RectTransform:
  m_ObjectHideFlags: 0
  m_CorrespondingSourceObject: {fileID: 0}
  m_PrefabInstance: {fileID: 0}
  m_PrefabAsset: {fileID: 0}
  m_GameObject: {fileID: 3246185006481958098}
  m_LocalRotation: {x: 0, y: 0, z: 0, w: 1}
  m_LocalPosition: {x: 0, y: 0, z: 0}
  m_LocalScale: {x: 1, y: 1, z: 1}
  m_Children: []
  m_Father: {fileID: 3144446846368680961}
  m_RootOrder: 0
  m_LocalEulerAnglesHint: {x: 0, y: 0, z: 0}
  m_AnchorMin: {x: 0, y: 0}
  m_AnchorMax: {x: 0, y: 0}
  m_AnchoredPosition: {x: 0, y: 0}
  m_SizeDelta: {x: 256, y: 24}
  m_Pivot: {x: 0.5, y: 0.5}
--- !u!114 &4653993993106364485
MonoBehaviour:
  m_ObjectHideFlags: 0
  m_CorrespondingSourceObject: {fileID: 0}
  m_PrefabInstance: {fileID: 0}
  m_PrefabAsset: {fileID: 0}
  m_GameObject: {fileID: 3246185006481958098}
  m_Enabled: 1
  m_EditorHideFlags: 0
  m_Script: {fileID: 11500000, guid: 6b781d153fa1ba44e8f3bdd40a618bb9, type: 3}
  m_Name: 
  m_EditorClassIdentifier: 
  useImplementationSize: 0
  implementation: {fileID: 5636114327769308117, guid: 45eccdce7294cec489d732f4299e15e7,
    type: 3}
--- !u!114 &6107205427620233721
MonoBehaviour:
  m_ObjectHideFlags: 0
  m_CorrespondingSourceObject: {fileID: 0}
  m_PrefabInstance: {fileID: 0}
  m_PrefabAsset: {fileID: 0}
  m_GameObject: {fileID: 3246185006481958098}
  m_Enabled: 1
  m_EditorHideFlags: 0
  m_Script: {fileID: 11500000, guid: 476780e213e64c28b5623f6af8e238c5, type: 3}
  m_Name: 
  m_EditorClassIdentifier: 
  value: 'Current Size: 241'
  aligment: 0
  fontSize: 16
--- !u!1 &3619891711671209178
GameObject:
  m_ObjectHideFlags: 0
  m_CorrespondingSourceObject: {fileID: 0}
  m_PrefabInstance: {fileID: 0}
  m_PrefabAsset: {fileID: 0}
  serializedVersion: 6
  m_Component:
  - component: {fileID: 4805524056206687222}
  m_Layer: 5
  m_Name: GameObject
  m_TagString: Untagged
  m_Icon: {fileID: 0}
  m_NavMeshLayer: 0
  m_StaticEditorFlags: 0
  m_IsActive: 1
--- !u!224 &4805524056206687222
RectTransform:
  m_ObjectHideFlags: 0
  m_CorrespondingSourceObject: {fileID: 0}
  m_PrefabInstance: {fileID: 0}
  m_PrefabAsset: {fileID: 0}
  m_GameObject: {fileID: 3619891711671209178}
  m_LocalRotation: {x: 0, y: 0, z: 0, w: 1}
  m_LocalPosition: {x: 0, y: 0, z: 0}
  m_LocalScale: {x: 1, y: 1, z: 1}
  m_Children:
  - {fileID: 6538638284703229690}
  m_Father: {fileID: 3144446846368680961}
  m_RootOrder: 1
  m_LocalEulerAnglesHint: {x: 0, y: 0, z: 0}
  m_AnchorMin: {x: 0, y: 0}
  m_AnchorMax: {x: 0, y: 0}
  m_AnchoredPosition: {x: 0, y: 0}
  m_SizeDelta: {x: 256, y: 48}
  m_Pivot: {x: 0.5, y: 0.5}
--- !u!1 &3707192531737144734
GameObject:
  m_ObjectHideFlags: 0
  m_CorrespondingSourceObject: {fileID: 0}
  m_PrefabInstance: {fileID: 0}
  m_PrefabAsset: {fileID: 0}
  serializedVersion: 6
  m_Component:
  - component: {fileID: 6538638284703229690}
  - component: {fileID: 826610043719422211}
  m_Layer: 5
  m_Name: Inspection
  m_TagString: Untagged
  m_Icon: {fileID: 0}
  m_NavMeshLayer: 0
  m_StaticEditorFlags: 0
  m_IsActive: 1
--- !u!224 &6538638284703229690
RectTransform:
  m_ObjectHideFlags: 0
  m_CorrespondingSourceObject: {fileID: 0}
  m_PrefabInstance: {fileID: 0}
  m_PrefabAsset: {fileID: 0}
  m_GameObject: {fileID: 3707192531737144734}
  m_LocalRotation: {x: -0, y: -0, z: -0, w: 1}
  m_LocalPosition: {x: 0, y: 0, z: 0}
  m_LocalScale: {x: 1, y: 1, z: 1}
  m_Children:
  - {fileID: 2158879484128162461}
  - {fileID: 3058554303651603998}
  m_Father: {fileID: 4805524056206687222}
  m_RootOrder: 0
  m_LocalEulerAnglesHint: {x: 0, y: 0, z: 0}
  m_AnchorMin: {x: 0, y: 0}
  m_AnchorMax: {x: 1, y: 1}
  m_AnchoredPosition: {x: 0, y: 0}
  m_SizeDelta: {x: 0, y: 0}
  m_Pivot: {x: 0.5, y: 0.5}
--- !u!114 &826610043719422211
MonoBehaviour:
  m_ObjectHideFlags: 0
  m_CorrespondingSourceObject: {fileID: 0}
  m_PrefabInstance: {fileID: 0}
  m_PrefabAsset: {fileID: 0}
  m_GameObject: {fileID: 3707192531737144734}
  m_Enabled: 1
  m_EditorHideFlags: 0
  m_Script: {fileID: 11500000, guid: 30649d3a9faa99c48a7b1166b86bf2a0, type: 3}
  m_Name: 
  m_EditorClassIdentifier: 
  m_Padding:
    m_Left: 0
    m_Right: 0
    m_Top: 0
    m_Bottom: 0
  m_ChildAlignment: 4
  m_Spacing: 8
  m_ChildForceExpandWidth: 0
  m_ChildForceExpandHeight: 0
  m_ChildControlWidth: 0
  m_ChildControlHeight: 0
  m_ChildScaleWidth: 0
  m_ChildScaleHeight: 0
  m_ReverseArrangement: 0
--- !u!1 &3743815805800092837
GameObject:
  m_ObjectHideFlags: 0
  m_CorrespondingSourceObject: {fileID: 0}
  m_PrefabInstance: {fileID: 0}
  m_PrefabAsset: {fileID: 0}
  serializedVersion: 6
  m_Component:
  - component: {fileID: 1955487313067069563}
  - component: {fileID: 6116650462576055093}
  - component: {fileID: 3781894831546422579}
  - component: {fileID: 3074555787581453645}
  m_Layer: 5
  m_Name: Residue Full Name
  m_TagString: Untagged
  m_Icon: {fileID: 0}
  m_NavMeshLayer: 0
  m_StaticEditorFlags: 0
  m_IsActive: 1
--- !u!224 &1955487313067069563
RectTransform:
  m_ObjectHideFlags: 0
  m_CorrespondingSourceObject: {fileID: 0}
  m_PrefabInstance: {fileID: 0}
  m_PrefabAsset: {fileID: 0}
  m_GameObject: {fileID: 3743815805800092837}
  m_LocalRotation: {x: 0, y: 0, z: 0, w: 1}
  m_LocalPosition: {x: 0, y: 0, z: 0}
  m_LocalScale: {x: 1, y: 1, z: 1}
  m_Children: []
  m_Father: {fileID: 3058554303651603998}
  m_RootOrder: 4
  m_LocalEulerAnglesHint: {x: 0, y: 0, z: 0}
  m_AnchorMin: {x: 0, y: 1}
  m_AnchorMax: {x: 0, y: 1}
  m_AnchoredPosition: {x: 60.7, y: -35.6}
  m_SizeDelta: {x: 169.2, y: 9.3}
  m_Pivot: {x: 0, y: 0.5}
--- !u!114 &6116650462576055093
MonoBehaviour:
  m_ObjectHideFlags: 0
  m_CorrespondingSourceObject: {fileID: 0}
  m_PrefabInstance: {fileID: 0}
  m_PrefabAsset: {fileID: 0}
  m_GameObject: {fileID: 3743815805800092837}
  m_Enabled: 1
  m_EditorHideFlags: 0
  m_Script: {fileID: 11500000, guid: 6b781d153fa1ba44e8f3bdd40a618bb9, type: 3}
  m_Name: 
  m_EditorClassIdentifier: 
  useImplementationSize: 0
  implementation: {fileID: 5636114327769308117, guid: 45eccdce7294cec489d732f4299e15e7,
    type: 3}
--- !u!114 &3781894831546422579
MonoBehaviour:
  m_ObjectHideFlags: 0
  m_CorrespondingSourceObject: {fileID: 0}
  m_PrefabInstance: {fileID: 0}
  m_PrefabAsset: {fileID: 0}
  m_GameObject: {fileID: 3743815805800092837}
  m_Enabled: 1
  m_EditorHideFlags: 0
  m_Script: {fileID: 11500000, guid: 476780e213e64c28b5623f6af8e238c5, type: 3}
  m_Name: 
  m_EditorClassIdentifier: 
  value: Alanine
  aligment: 1
  fontSize: 8
--- !u!114 &3074555787581453645
MonoBehaviour:
  m_ObjectHideFlags: 0
  m_CorrespondingSourceObject: {fileID: 0}
  m_PrefabInstance: {fileID: 0}
  m_PrefabAsset: {fileID: 0}
  m_GameObject: {fileID: 3743815805800092837}
  m_Enabled: 1
  m_EditorHideFlags: 0
  m_Script: {fileID: 11500000, guid: 306cc8c2b49d7114eaa3623786fc2126, type: 3}
  m_Name: 
  m_EditorClassIdentifier: 
  m_IgnoreLayout: 1
  m_MinWidth: -1
  m_MinHeight: -1
  m_PreferredWidth: -1
  m_PreferredHeight: -1
  m_FlexibleWidth: -1
  m_FlexibleHeight: -1
  m_LayoutPriority: 1
--- !u!1 &4828528132458564944
GameObject:
  m_ObjectHideFlags: 0
  m_CorrespondingSourceObject: {fileID: 0}
  m_PrefabInstance: {fileID: 0}
  m_PrefabAsset: {fileID: 0}
  serializedVersion: 6
  m_Component:
  - component: {fileID: 1195149831779439737}
  - component: {fileID: 5206341265030848862}
  - component: {fileID: 8185882328033344973}
  m_Layer: 5
  m_Name: Residue Name
  m_TagString: Untagged
  m_Icon: {fileID: 0}
  m_NavMeshLayer: 0
  m_StaticEditorFlags: 0
  m_IsActive: 1
--- !u!224 &1195149831779439737
RectTransform:
  m_ObjectHideFlags: 0
  m_CorrespondingSourceObject: {fileID: 0}
  m_PrefabInstance: {fileID: 0}
  m_PrefabAsset: {fileID: 0}
  m_GameObject: {fileID: 4828528132458564944}
  m_LocalRotation: {x: 0, y: 0, z: 0, w: 1}
  m_LocalPosition: {x: 0, y: 0, z: 0}
  m_LocalScale: {x: 1, y: 1, z: 1}
  m_Children: []
  m_Father: {fileID: 3058554303651603998}
  m_RootOrder: 3
  m_LocalEulerAnglesHint: {x: 0, y: 0, z: 0}
  m_AnchorMin: {x: 0, y: 1}
  m_AnchorMax: {x: 0, y: 1}
  m_AnchoredPosition: {x: 159.6, y: -24}
  m_SizeDelta: {x: 200, y: 16}
  m_Pivot: {x: 0.5, y: 0.5}
--- !u!114 &5206341265030848862
MonoBehaviour:
  m_ObjectHideFlags: 0
  m_CorrespondingSourceObject: {fileID: 0}
  m_PrefabInstance: {fileID: 0}
  m_PrefabAsset: {fileID: 0}
  m_GameObject: {fileID: 4828528132458564944}
  m_Enabled: 1
  m_EditorHideFlags: 0
  m_Script: {fileID: 11500000, guid: 6b781d153fa1ba44e8f3bdd40a618bb9, type: 3}
  m_Name: 
  m_EditorClassIdentifier: 
  useImplementationSize: 0
  implementation: {fileID: 5636114327769308117, guid: 45eccdce7294cec489d732f4299e15e7,
    type: 3}
--- !u!114 &8185882328033344973
MonoBehaviour:
  m_ObjectHideFlags: 0
  m_CorrespondingSourceObject: {fileID: 0}
  m_PrefabInstance: {fileID: 0}
  m_PrefabAsset: {fileID: 0}
  m_GameObject: {fileID: 4828528132458564944}
  m_Enabled: 1
  m_EditorHideFlags: 0
  m_Script: {fileID: 11500000, guid: 476780e213e64c28b5623f6af8e238c5, type: 3}
  m_Name: 
  m_EditorClassIdentifier: 
  value: ALA-141
  aligment: 1
  fontSize: 14
--- !u!1 &5853404516719662687
GameObject:
  m_ObjectHideFlags: 0
  m_CorrespondingSourceObject: {fileID: 0}
  m_PrefabInstance: {fileID: 0}
  m_PrefabAsset: {fileID: 0}
  serializedVersion: 6
  m_Component:
  - component: {fileID: 2158879484128162461}
  - component: {fileID: 3287913040444493519}
  - component: {fileID: 7929623598875125133}
  - component: {fileID: 881170260542609193}
  m_Layer: 5
  m_Name: Inspection Icon
  m_TagString: Untagged
  m_Icon: {fileID: 0}
  m_NavMeshLayer: 0
  m_StaticEditorFlags: 0
  m_IsActive: 1
--- !u!224 &2158879484128162461
RectTransform:
  m_ObjectHideFlags: 0
  m_CorrespondingSourceObject: {fileID: 0}
  m_PrefabInstance: {fileID: 0}
  m_PrefabAsset: {fileID: 0}
  m_GameObject: {fileID: 5853404516719662687}
  m_LocalRotation: {x: 0, y: 0, z: 0, w: 1}
  m_LocalPosition: {x: 0, y: 0, z: 0}
  m_LocalScale: {x: 1, y: 1, z: 1}
  m_Children: []
  m_Father: {fileID: 6538638284703229690}
  m_RootOrder: 0
  m_LocalEulerAnglesHint: {x: 0, y: 0, z: 0}
  m_AnchorMin: {x: 0, y: 0}
  m_AnchorMax: {x: 0, y: 0}
  m_AnchoredPosition: {x: 0, y: 0}
  m_SizeDelta: {x: 48, y: 48}
  m_Pivot: {x: 0.5, y: 0.5}
--- !u!114 &3287913040444493519
MonoBehaviour:
  m_ObjectHideFlags: 0
  m_CorrespondingSourceObject: {fileID: 0}
  m_PrefabInstance: {fileID: 0}
  m_PrefabAsset: {fileID: 0}
  m_GameObject: {fileID: 5853404516719662687}
  m_Enabled: 1
  m_EditorHideFlags: 0
  m_Script: {fileID: 11500000, guid: 6b781d153fa1ba44e8f3bdd40a618bb9, type: 3}
  m_Name: 
  m_EditorClassIdentifier: 
  useImplementationSize: 0
  implementation: {fileID: 4377180594305215783, guid: 453d0d03965e94d49a784bafbd78f7f1,
    type: 3}
--- !u!114 &7929623598875125133
MonoBehaviour:
  m_ObjectHideFlags: 0
  m_CorrespondingSourceObject: {fileID: 0}
  m_PrefabInstance: {fileID: 0}
  m_PrefabAsset: {fileID: 0}
  m_GameObject: {fileID: 5853404516719662687}
  m_Enabled: 1
  m_EditorHideFlags: 0
  m_Script: {fileID: 11500000, guid: ead9cb0371b74b19bedd12a37d318727, type: 3}
  m_Name: 
  m_EditorClassIdentifier: 
  value: {fileID: 21300000, guid: bb08bd65f2dfbb54e99db59bd3f0bdb6, type: 3}
--- !u!114 &881170260542609193
MonoBehaviour:
  m_ObjectHideFlags: 0
  m_CorrespondingSourceObject: {fileID: 0}
  m_PrefabInstance: {fileID: 0}
  m_PrefabAsset: {fileID: 0}
  m_GameObject: {fileID: 5853404516719662687}
  m_Enabled: 1
  m_EditorHideFlags: 0
  m_Script: {fileID: 11500000, guid: f9d510364e164418a281b298f5f69d57, type: 3}
  m_Name: 
  m_EditorClassIdentifier: 
  color: {r: 0.5660378, g: 0.5660378, b: 0.5660378, a: 1}
--- !u!1 &6926158706550869818
GameObject:
  m_ObjectHideFlags: 0
  m_CorrespondingSourceObject: {fileID: 0}
  m_PrefabInstance: {fileID: 0}
  m_PrefabAsset: {fileID: 0}
  serializedVersion: 6
  m_Component:
  - component: {fileID: 7279648653959372882}
  - component: {fileID: 4154833351550512827}
  - component: {fileID: 6144526518635524122}
  m_Layer: 5
  m_Name: Atom Name
  m_TagString: Untagged
  m_Icon: {fileID: 0}
  m_NavMeshLayer: 0
  m_StaticEditorFlags: 0
  m_IsActive: 1
--- !u!224 &7279648653959372882
RectTransform:
  m_ObjectHideFlags: 0
  m_CorrespondingSourceObject: {fileID: 0}
  m_PrefabInstance: {fileID: 0}
  m_PrefabAsset: {fileID: 0}
  m_GameObject: {fileID: 6926158706550869818}
  m_LocalRotation: {x: 0, y: 0, z: 0, w: 1}
  m_LocalPosition: {x: 0, y: 0, z: 0}
  m_LocalScale: {x: 1, y: 1, z: 1}
  m_Children: []
  m_Father: {fileID: 3058554303651603998}
  m_RootOrder: 1
  m_LocalEulerAnglesHint: {x: 0, y: 0, z: 0}
  m_AnchorMin: {x: 0, y: 1}
  m_AnchorMax: {x: 0, y: 1}
  m_AnchoredPosition: {x: 44.2, y: -8}
  m_SizeDelta: {x: 200, y: 16}
  m_Pivot: {x: 0, y: 0.5}
--- !u!114 &4154833351550512827
MonoBehaviour:
  m_ObjectHideFlags: 0
  m_CorrespondingSourceObject: {fileID: 0}
  m_PrefabInstance: {fileID: 0}
  m_PrefabAsset: {fileID: 0}
  m_GameObject: {fileID: 6926158706550869818}
  m_Enabled: 1
  m_EditorHideFlags: 0
  m_Script: {fileID: 11500000, guid: 6b781d153fa1ba44e8f3bdd40a618bb9, type: 3}
  m_Name: 
  m_EditorClassIdentifier: 
  useImplementationSize: 0
  implementation: {fileID: 5636114327769308117, guid: 45eccdce7294cec489d732f4299e15e7,
    type: 3}
--- !u!114 &6144526518635524122
MonoBehaviour:
  m_ObjectHideFlags: 0
  m_CorrespondingSourceObject: {fileID: 0}
  m_PrefabInstance: {fileID: 0}
  m_PrefabAsset: {fileID: 0}
  m_GameObject: {fileID: 6926158706550869818}
  m_Enabled: 1
  m_EditorHideFlags: 0
  m_Script: {fileID: 11500000, guid: 476780e213e64c28b5623f6af8e238c5, type: 3}
  m_Name: 
  m_EditorClassIdentifier: 
  value: CA
  aligment: 1
  fontSize: 14
--- !u!1 &8510880618191728434
GameObject:
  m_ObjectHideFlags: 0
  m_CorrespondingSourceObject: {fileID: 0}
  m_PrefabInstance: {fileID: 0}
  m_PrefabAsset: {fileID: 0}
  serializedVersion: 6
  m_Component:
  - component: {fileID: 4657625136659705599}
  - component: {fileID: 5745365999440987247}
  - component: {fileID: 5125749291675121218}
  m_Layer: 5
  m_Name: Atom Label
  m_TagString: Untagged
  m_Icon: {fileID: 0}
  m_NavMeshLayer: 0
  m_StaticEditorFlags: 0
  m_IsActive: 1
--- !u!224 &4657625136659705599
RectTransform:
  m_ObjectHideFlags: 0
  m_CorrespondingSourceObject: {fileID: 0}
  m_PrefabInstance: {fileID: 0}
  m_PrefabAsset: {fileID: 0}
  m_GameObject: {fileID: 8510880618191728434}
  m_LocalRotation: {x: 0, y: 0, z: 0, w: 1}
  m_LocalPosition: {x: 0, y: 0, z: 0}
  m_LocalScale: {x: 1, y: 1, z: 1}
  m_Children: []
  m_Father: {fileID: 3058554303651603998}
  m_RootOrder: 0
  m_LocalEulerAnglesHint: {x: 0, y: 0, z: 0}
  m_AnchorMin: {x: 0, y: 1}
  m_AnchorMax: {x: 0, y: 1}
  m_AnchoredPosition: {x: 100, y: -8}
  m_SizeDelta: {x: 200, y: 16}
  m_Pivot: {x: 0.5, y: 0.5}
--- !u!114 &5745365999440987247
MonoBehaviour:
  m_ObjectHideFlags: 0
  m_CorrespondingSourceObject: {fileID: 0}
  m_PrefabInstance: {fileID: 0}
  m_PrefabAsset: {fileID: 0}
  m_GameObject: {fileID: 8510880618191728434}
  m_Enabled: 1
  m_EditorHideFlags: 0
  m_Script: {fileID: 11500000, guid: 6b781d153fa1ba44e8f3bdd40a618bb9, type: 3}
  m_Name: 
  m_EditorClassIdentifier: 
  useImplementationSize: 0
  implementation: {fileID: 5636114327769308117, guid: 45eccdce7294cec489d732f4299e15e7,
    type: 3}
--- !u!114 &5125749291675121218
MonoBehaviour:
  m_ObjectHideFlags: 0
  m_CorrespondingSourceObject: {fileID: 0}
  m_PrefabInstance: {fileID: 0}
  m_PrefabAsset: {fileID: 0}
  m_GameObject: {fileID: 8510880618191728434}
  m_Enabled: 1
  m_EditorHideFlags: 0
  m_Script: {fileID: 11500000, guid: 476780e213e64c28b5623f6af8e238c5, type: 3}
  m_Name: 
  m_EditorClassIdentifier: 
  value: 'Atom:'
  aligment: 1
  fontSize: 14
--- !u!114 &1261323507874628409
MonoBehaviour:
  m_ObjectHideFlags: 0
  m_CorrespondingSourceObject: {fileID: 0}
  m_PrefabInstance: {fileID: 0}
  m_PrefabAsset: {fileID: 0}
  m_GameObject: {fileID: 8725468508527865131}
  m_Enabled: 1
  m_EditorHideFlags: 0
  m_Script: {fileID: 11500000, guid: ed8821782a204518badc6e312ed43532, type: 3}
  m_Name: 
  m_EditorClassIdentifier: 
  acceptButton: {fileID: 5036295567369388564}
  cancelButton: {fileID: 1619557336746916092}
  promptLabel: {fileID: 3344370205177062876}
  inspectionBox: {fileID: 3707192531737144734}
  inspectedAtomIcon: {fileID: 881170260542609193}
  inspectedAtomName: {fileID: 6144526518635524122}
  inspectedResidueName: {fileID: 8185882328033344973}
  inspectedResidueFullName: {fileID: 3781894831546422579}
  selectionSize: {fileID: 6107205427620233721}
  atomColors: {fileID: 11400000, guid: f23c4dfe59fd1e74b9343d7892e7555f, type: 2}
--- !u!1001 &2099088929887497965
PrefabInstance:
  m_ObjectHideFlags: 0
  serializedVersion: 2
  m_Modification:
    m_TransformParent: {fileID: 0}
    m_Modifications:
    - target: {fileID: 1775367006396863637, guid: fa3d30d0c628b864b99ca02ae9c9280e,
        type: 3}
      propertyPath: m_AnchorMin.y
      value: 0
      objectReference: {fileID: 0}
    - target: {fileID: 1775367006396863637, guid: fa3d30d0c628b864b99ca02ae9c9280e,
        type: 3}
      propertyPath: m_AnchorMax.y
      value: 0
      objectReference: {fileID: 0}
    - target: {fileID: 1775367006396863637, guid: fa3d30d0c628b864b99ca02ae9c9280e,
        type: 3}
      propertyPath: m_AnchoredPosition.x
      value: 0
      objectReference: {fileID: 0}
    - target: {fileID: 1775367006396863637, guid: fa3d30d0c628b864b99ca02ae9c9280e,
        type: 3}
      propertyPath: m_AnchoredPosition.y
      value: 0
      objectReference: {fileID: 0}
    - target: {fileID: 1775367006396863637, guid: fa3d30d0c628b864b99ca02ae9c9280e,
        type: 3}
      propertyPath: m_SizeDelta.x
      value: 0
      objectReference: {fileID: 0}
    - target: {fileID: 1775367006396863637, guid: fa3d30d0c628b864b99ca02ae9c9280e,
        type: 3}
      propertyPath: m_SizeDelta.y
      value: 0
      objectReference: {fileID: 0}
    - target: {fileID: 2746758454507333296, guid: fa3d30d0c628b864b99ca02ae9c9280e,
        type: 3}
      propertyPath: m_HorizontalFit
      value: 0
      objectReference: {fileID: 0}
    - target: {fileID: 2746758454507333296, guid: fa3d30d0c628b864b99ca02ae9c9280e,
        type: 3}
      propertyPath: m_VerticalFit
      value: 2
      objectReference: {fileID: 0}
    - target: {fileID: 2827799798233568883, guid: fa3d30d0c628b864b99ca02ae9c9280e,
        type: 3}
      propertyPath: m_IsActive
      value: 0
      objectReference: {fileID: 0}
    - target: {fileID: 3695450583140698929, guid: fa3d30d0c628b864b99ca02ae9c9280e,
        type: 3}
      propertyPath: value
      value: Modifying Selection...
      objectReference: {fileID: 0}
    - target: {fileID: 3927745794966364908, guid: fa3d30d0c628b864b99ca02ae9c9280e,
        type: 3}
      propertyPath: m_AnchoredPosition.x
      value: 155
      objectReference: {fileID: 0}
    - target: {fileID: 3927745794966364908, guid: fa3d30d0c628b864b99ca02ae9c9280e,
        type: 3}
      propertyPath: m_SizeDelta.x
      value: 310
      objectReference: {fileID: 0}
    - target: {fileID: 3927745794966364908, guid: fa3d30d0c628b864b99ca02ae9c9280e,
        type: 3}
      propertyPath: m_AnchorMin.y
      value: 1
      objectReference: {fileID: 0}
    - target: {fileID: 3927745794966364908, guid: fa3d30d0c628b864b99ca02ae9c9280e,
        type: 3}
      propertyPath: m_AnchorMax.y
      value: 1
      objectReference: {fileID: 0}
    - target: {fileID: 3927745794966364908, guid: fa3d30d0c628b864b99ca02ae9c9280e,
        type: 3}
      propertyPath: m_AnchoredPosition.y
      value: -60
      objectReference: {fileID: 0}
    - target: {fileID: 3927745794966364908, guid: fa3d30d0c628b864b99ca02ae9c9280e,
        type: 3}
      propertyPath: m_SizeDelta.y
      value: 0
      objectReference: {fileID: 0}
    - target: {fileID: 4055901819339004465, guid: fa3d30d0c628b864b99ca02ae9c9280e,
        type: 3}
      propertyPath: m_AnchorMin.y
      value: 0
      objectReference: {fileID: 0}
    - target: {fileID: 4055901819339004465, guid: fa3d30d0c628b864b99ca02ae9c9280e,
        type: 3}
      propertyPath: m_AnchorMax.y
      value: 0
      objectReference: {fileID: 0}
    - target: {fileID: 4055901819339004465, guid: fa3d30d0c628b864b99ca02ae9c9280e,
        type: 3}
      propertyPath: m_AnchoredPosition.x
      value: 0
      objectReference: {fileID: 0}
    - target: {fileID: 4055901819339004465, guid: fa3d30d0c628b864b99ca02ae9c9280e,
        type: 3}
      propertyPath: m_AnchoredPosition.y
      value: 0
      objectReference: {fileID: 0}
    - target: {fileID: 4055901819339004465, guid: fa3d30d0c628b864b99ca02ae9c9280e,
        type: 3}
      propertyPath: m_SizeDelta.x
      value: 0
      objectReference: {fileID: 0}
    - target: {fileID: 4055901819339004465, guid: fa3d30d0c628b864b99ca02ae9c9280e,
        type: 3}
      propertyPath: m_SizeDelta.y
      value: 0
      objectReference: {fileID: 0}
    - target: {fileID: 4300855349886895346, guid: fa3d30d0c628b864b99ca02ae9c9280e,
        type: 3}
      propertyPath: m_LocalPosition.x
      value: 0
      objectReference: {fileID: 0}
    - target: {fileID: 4300855349886895346, guid: fa3d30d0c628b864b99ca02ae9c9280e,
        type: 3}
      propertyPath: m_LocalPosition.y
      value: 0
      objectReference: {fileID: 0}
    - target: {fileID: 4300855349886895346, guid: fa3d30d0c628b864b99ca02ae9c9280e,
        type: 3}
      propertyPath: m_LocalPosition.z
      value: 0
      objectReference: {fileID: 0}
    - target: {fileID: 4300855349886895346, guid: fa3d30d0c628b864b99ca02ae9c9280e,
        type: 3}
      propertyPath: m_LocalRotation.x
      value: 0
      objectReference: {fileID: 0}
    - target: {fileID: 4300855349886895346, guid: fa3d30d0c628b864b99ca02ae9c9280e,
        type: 3}
      propertyPath: m_LocalRotation.y
      value: 0
      objectReference: {fileID: 0}
    - target: {fileID: 4300855349886895346, guid: fa3d30d0c628b864b99ca02ae9c9280e,
        type: 3}
      propertyPath: m_LocalRotation.z
      value: 0
      objectReference: {fileID: 0}
    - target: {fileID: 4300855349886895346, guid: fa3d30d0c628b864b99ca02ae9c9280e,
        type: 3}
      propertyPath: m_LocalRotation.w
      value: 1
      objectReference: {fileID: 0}
    - target: {fileID: 4300855349886895346, guid: fa3d30d0c628b864b99ca02ae9c9280e,
        type: 3}
      propertyPath: m_RootOrder
      value: 0
      objectReference: {fileID: 0}
    - target: {fileID: 4300855349886895346, guid: fa3d30d0c628b864b99ca02ae9c9280e,
        type: 3}
      propertyPath: m_LocalEulerAnglesHint.x
      value: 0
      objectReference: {fileID: 0}
    - target: {fileID: 4300855349886895346, guid: fa3d30d0c628b864b99ca02ae9c9280e,
        type: 3}
      propertyPath: m_LocalEulerAnglesHint.y
      value: 0
      objectReference: {fileID: 0}
    - target: {fileID: 4300855349886895346, guid: fa3d30d0c628b864b99ca02ae9c9280e,
        type: 3}
      propertyPath: m_LocalEulerAnglesHint.z
      value: 0
      objectReference: {fileID: 0}
    - target: {fileID: 4300855349886895346, guid: fa3d30d0c628b864b99ca02ae9c9280e,
        type: 3}
      propertyPath: m_AnchoredPosition.x
      value: 0
      objectReference: {fileID: 0}
    - target: {fileID: 4300855349886895346, guid: fa3d30d0c628b864b99ca02ae9c9280e,
        type: 3}
      propertyPath: m_AnchoredPosition.y
      value: 0
      objectReference: {fileID: 0}
    - target: {fileID: 4300855349886895346, guid: fa3d30d0c628b864b99ca02ae9c9280e,
        type: 3}
      propertyPath: m_SizeDelta.x
      value: 310
      objectReference: {fileID: 0}
    - target: {fileID: 4300855349886895346, guid: fa3d30d0c628b864b99ca02ae9c9280e,
        type: 3}
      propertyPath: m_SizeDelta.y
      value: 200
      objectReference: {fileID: 0}
    - target: {fileID: 4300855349886895346, guid: fa3d30d0c628b864b99ca02ae9c9280e,
        type: 3}
      propertyPath: m_AnchorMin.x
      value: 0.5
      objectReference: {fileID: 0}
    - target: {fileID: 4300855349886895346, guid: fa3d30d0c628b864b99ca02ae9c9280e,
        type: 3}
      propertyPath: m_AnchorMin.y
      value: 0.5
      objectReference: {fileID: 0}
    - target: {fileID: 4300855349886895346, guid: fa3d30d0c628b864b99ca02ae9c9280e,
        type: 3}
      propertyPath: m_AnchorMax.x
      value: 0.5
      objectReference: {fileID: 0}
    - target: {fileID: 4300855349886895346, guid: fa3d30d0c628b864b99ca02ae9c9280e,
        type: 3}
      propertyPath: m_AnchorMax.y
      value: 0.5
      objectReference: {fileID: 0}
    - target: {fileID: 4300855349886895346, guid: fa3d30d0c628b864b99ca02ae9c9280e,
        type: 3}
      propertyPath: m_Pivot.x
      value: 0.5
      objectReference: {fileID: 0}
    - target: {fileID: 4300855349886895346, guid: fa3d30d0c628b864b99ca02ae9c9280e,
        type: 3}
      propertyPath: m_Pivot.y
      value: 0.5
      objectReference: {fileID: 0}
    - target: {fileID: 4351226476602960974, guid: fa3d30d0c628b864b99ca02ae9c9280e,
        type: 3}
      propertyPath: m_AnchorMin.y
      value: 1
      objectReference: {fileID: 0}
    - target: {fileID: 4351226476602960974, guid: fa3d30d0c628b864b99ca02ae9c9280e,
        type: 3}
      propertyPath: m_AnchorMax.y
      value: 1
      objectReference: {fileID: 0}
    - target: {fileID: 4351226476602960974, guid: fa3d30d0c628b864b99ca02ae9c9280e,
        type: 3}
      propertyPath: m_AnchoredPosition.x
      value: 155
      objectReference: {fileID: 0}
    - target: {fileID: 4351226476602960974, guid: fa3d30d0c628b864b99ca02ae9c9280e,
        type: 3}
      propertyPath: m_AnchoredPosition.y
      value: -41.7
      objectReference: {fileID: 0}
    - target: {fileID: 4351226476602960974, guid: fa3d30d0c628b864b99ca02ae9c9280e,
        type: 3}
      propertyPath: m_SizeDelta.x
      value: 310
      objectReference: {fileID: 0}
    - target: {fileID: 6476695909442479169, guid: fa3d30d0c628b864b99ca02ae9c9280e,
        type: 3}
      propertyPath: m_AnchorMin.y
      value: 0
      objectReference: {fileID: 0}
    - target: {fileID: 6476695909442479169, guid: fa3d30d0c628b864b99ca02ae9c9280e,
        type: 3}
      propertyPath: m_AnchorMax.y
      value: 0
      objectReference: {fileID: 0}
    - target: {fileID: 6476695909442479169, guid: fa3d30d0c628b864b99ca02ae9c9280e,
        type: 3}
      propertyPath: m_AnchoredPosition.x
      value: 0
      objectReference: {fileID: 0}
    - target: {fileID: 6476695909442479169, guid: fa3d30d0c628b864b99ca02ae9c9280e,
        type: 3}
      propertyPath: m_AnchoredPosition.y
      value: 0
      objectReference: {fileID: 0}
    - target: {fileID: 6476695909442479169, guid: fa3d30d0c628b864b99ca02ae9c9280e,
        type: 3}
      propertyPath: m_SizeDelta.x
      value: 0
      objectReference: {fileID: 0}
    - target: {fileID: 7221065858243560390, guid: fa3d30d0c628b864b99ca02ae9c9280e,
        type: 3}
      propertyPath: m_Name
      value: Modify Selection Dialog
      objectReference: {fileID: 0}
    m_RemovedComponents:
    - {fileID: 5060640140913711871, guid: fa3d30d0c628b864b99ca02ae9c9280e, type: 3}
    - {fileID: 8960391168934832423, guid: fa3d30d0c628b864b99ca02ae9c9280e, type: 3}
  m_SourcePrefab: {fileID: 100100000, guid: fa3d30d0c628b864b99ca02ae9c9280e, type: 3}
--- !u!1 &8725468508527865131 stripped
GameObject:
  m_CorrespondingSourceObject: {fileID: 7221065858243560390, guid: fa3d30d0c628b864b99ca02ae9c9280e,
    type: 3}
  m_PrefabInstance: {fileID: 2099088929887497965}
  m_PrefabAsset: {fileID: 0}
--- !u!224 &3144446846368680961 stripped
RectTransform:
  m_CorrespondingSourceObject: {fileID: 3927745794966364908, guid: fa3d30d0c628b864b99ca02ae9c9280e,
    type: 3}
  m_PrefabInstance: {fileID: 2099088929887497965}
  m_PrefabAsset: {fileID: 0}
--- !u!1 &1900367180530888115 stripped
GameObject:
  m_CorrespondingSourceObject: {fileID: 539873005887325022, guid: fa3d30d0c628b864b99ca02ae9c9280e,
    type: 3}
  m_PrefabInstance: {fileID: 2099088929887497965}
  m_PrefabAsset: {fileID: 0}
--- !u!114 &3344370205177062876 stripped
MonoBehaviour:
  m_CorrespondingSourceObject: {fileID: 3695450583140698929, guid: fa3d30d0c628b864b99ca02ae9c9280e,
    type: 3}
  m_PrefabInstance: {fileID: 2099088929887497965}
  m_PrefabAsset: {fileID: 0}
  m_GameObject: {fileID: 0}
  m_Enabled: 1
  m_EditorHideFlags: 0
  m_Script: {fileID: 11500000, guid: 476780e213e64c28b5623f6af8e238c5, type: 3}
  m_Name: 
  m_EditorClassIdentifier: 
--- !u!114 &5036295567369388564 stripped
MonoBehaviour:
  m_CorrespondingSourceObject: {fileID: 6396785340770381049, guid: fa3d30d0c628b864b99ca02ae9c9280e,
    type: 3}
  m_PrefabInstance: {fileID: 2099088929887497965}
  m_PrefabAsset: {fileID: 0}
  m_GameObject: {fileID: 0}
  m_Enabled: 1
  m_EditorHideFlags: 0
  m_Script: {fileID: 11500000, guid: ccbd77510bc42c14e85e0efed9a87906, type: 3}
  m_Name: 
  m_EditorClassIdentifier: 
--- !u!114 &1619557336746916092 stripped
MonoBehaviour:
  m_CorrespondingSourceObject: {fileID: 817584285913142801, guid: fa3d30d0c628b864b99ca02ae9c9280e,
    type: 3}
  m_PrefabInstance: {fileID: 2099088929887497965}
  m_PrefabAsset: {fileID: 0}
  m_GameObject: {fileID: 0}
  m_Enabled: 1
  m_EditorHideFlags: 0
  m_Script: {fileID: 11500000, guid: ccbd77510bc42c14e85e0efed9a87906, type: 3}
  m_Name: 
  m_EditorClassIdentifier: 
